2554 3051
1135 190 1167 235 5

258 316 418 374 ριλλος
447 314 573 361 vero„
594 309 885 369 posteriores
917 308 1146 354 finxerint
1177 308 1239 355 ad
1280 306 1463 353 idioma
1492 309 1711 355 latinum.
1771 311 1815 355 A
1846 325 2045 371 praepo-

258 377 433 420 sitione
463 373 776 433 propagatum
810 385 929 424 esse,
960 377 1014 413 ut
1043 368 1288 429 περισσός,
1320 371 1453 414 nullo
1483 372 1672 415 ostendi
1698 380 1858 430 potest
1888 387 2050 418 exem-

256 438 361 497 plo,
424 435 538 482 nani
551 433 762 484 ’ἔπιλλος
802 433 1094 490 Theognosti
1136 433 1240 477 sine
1282 431 1427 477 dubio
1476 435 1789 493 compositum
1825 442 1897 480 est
1926 436 2050 480 illud

258 498 387 556 quod
411 495 757 554 Lexicographi
789 496 994 538 afferunt
1018 496 1078 552 ⁸).
1142 494 1396 539 Praeterea
1437 509 1584 539 unum
1625 498 1848 540 novimus
1883 498 2050 555 appel-

257 560 458 603 lativum
492 556 737 609 ὀ’πτιλλος,
779 555 923 614 idque
950 557 1004 600 in
1037 555 1242 613 obliquis
1275 556 1429 600 solum
1463 557 1674 613 casibus,
1707 557 1782 601 bis
1814 565 1951 602 acuta
1978 559 2051 601 ul-

256 621 377 665 tima
411 622 516 664 ταῖν
561 616 779 663 «invemat
809 642 875 652 -
901 615 1017 667 τούς
1061 615 1274 667 ὀπτιλαίς
1320 618 1478 662 Phint.
1511 618 1642 667 Stob.
1686 621 1741 664 T.
1776 623 1857 673 74,
1891 622 1933 663 6.
1975 620 2050 663 bis

257 682 374 725 item
410 688 619 739 gravata.
638 677 869 730 όπτίλους
897 679 1021 726 Plut.
1051 678 1165 736 Lyc.
1195 679 1281 724 XI.
1312 679 1555 740 Apophth.
1571 681 1677 726 Lac.
1711 684 1815 727 227.
1849 680 1901 726 Β.
1934 681 2052 726 sim-

256 743 371 801 plici
402 743 578 801 ubique
611 741 807 785 lambda
837 748 890 784 ut
919 743 973 785 in
996 740 1212 785 derivato
1246 741 1499 795 όπτιλῒτις,
1535 744 1662 800 quod
1679 742 1930 801 perperam
1965 743 2052 788 ὀπ-

258 802 435 856 τιλέτις
451 803 684 849 scribitur.
707 801 802 847 Sed
822 815 882 847 ex
894 801 1125 861 Hesychii
1142 803 1300 861 glossa
1314 801 1599 850 Ὀπτοιαλοί
1616 803 1879 864 ὀφθαλμοί
1891 806 2055 851 verior

260 868 461 923 emergit
476 867 708 923 scriptura
726 863 950 909 ὄπτιλλοι
967 867 1256 908 conveniens
1271 865 1517 909 boeoticae
1534 867 1721 910 formae
1740 865 1981 916 ὄκταλλος.
2000 866 2054 909 Si
2078 895 2081 898 -

258 941 356 972 vox
376 933 502 971 esset
516 928 569 970 in
585 940 887 970 communem
908 926 1299 971 consuetudinem
1312 935 1517 985 recepta,
1535 926 1734 977 ὀπτίλος
1751 928 1894 972 scribi
1912 942 2054 985 opor-

257 995 383 1032 teret
413 1001 474 1031 ex
498 989 695 1045 antiqua
725 987 890 1045 regula
922 984 1001 1032 ὅτι
1030 985 1092 1031 τοὶ
1126 985 1353 1044 ὀνόματα
1384 991 1488 1032 τῶν
1506 985 1745 1046 ῥημάτων
1761 987 2055 1047 βραχύτερα

260 1049 414 1105 Schol.
447 1049 557 1106 Lyc.
593 1052 664 1093 84.
684 1049 755 1107 ⁴),
816 1062 936 1106 quae
969 1055 1017 1091 et
1046 1049 1099 1091 in
1133 1048 1409 1092 nominibus
1448 1051 1635 1106 primae
1670 1051 1834 1093 classis
1867 1049 2056 1094 obtinet

261 1108 474 1172 αἶκοίλλω
519 1110 720 1161 αἶ’καλος
760 1107 909 1160 κόλαξ
946 1115 994 1153 et
1034 1106 1207 1166 αἷκᾶλη
1240 1109 1272 1165 ἦ
1307 1106 1496 1167 ἀπάτη,
1537 1109 1702 1154 πάλλω
1745 1110 1964 1168 παιπάλη
2007 1126 2053 1155 v.

260 1173 323 1217 ad
358 1172 432 1228 Aj.
455 1186 499 1216 v.
520 1176 624 1217 380.
659 1171 850 1216 ἀτάλλω
887 1169 1087 1224 ἅταλός,
1123 1170 1420 1215 &cecofidi-zm
1456 1169 1761 1226 ἀτάσθαλος,
1795 1172 2053 1217 δαιδάλλω

261 1231 524 1287 δαίδαλος,
572 1240 620 1276 et
648 1233 703 1276 in
735 1232 970 1277 secundae
1001 1233 1266 1290 tertiaeque
1300 1230 1515 1291 ἀγγέλλω
1551 1233 1775 1292 ἄγγελος,
1819 1234 2053 1279 ποικίλλω

261 1293 496 1348 ποικίλος,
560 1292 889 1351 ναυτίλλομαι
946 1290 1203 1349 ναυτίλος,
1263 1293 1542 1353 σκερβολλω
1608 1293 1888 1354 σκέρβολος.
1968 1294 2057 1340 Ce-

263 1375 366 1410 tera
385 1367 574 1424 quaein
602 1354 736 1420 ἶλλος
767 1371 1197 1421 exeuntparagoga
1222 1363 1315 1405 dici
1331 1372 1579 1419 nequeunt
1604 1364 1874 1420 βάσκιλλος
1904 1366 2056 1411 κίσσα

260 1429 467 1473 fortasse
485 1441 513 1470 a
539 1423 746 1482 βάσκας,
781 1412 1044 1472 &agaunos
1072 1422 1234 1480 piscis,
1267 1420 1554 1480 φυσίκιλλος
1584 1426 1726 1480 panis
1759 1440 1919 1481 genus.
1967 1427 2057 1472 Ac-

264 1495 428 1532 centus
459 1488 628 1529 horum
664 1485 878 1528 omnium
898 1484 1022 1526 fixus
1056 1489 1129 1525 est
1159 1482 1245 1526 sed
1276 1483 1470 1525 vacillat
1498 1483 1550 1526 in
1582 1485 1844 1530 femininis.
1907 1487 2057 1532 Modo

264 1540 392 1594 enim
424 1554 730 1607 paroxytona
761 1553 873 1590 sunt
898 1542 1118 1590 Αἷθίλλα
1149 1542 1332 1589 Conon.
1352 1543 1485 1589 XIII.
1509 1547 1580 1589 11.
1610 1546 1800 1604 (omiss.
1818 1550 1867 1594 in
1888 1550 2057 1609 Thes.)

264 1609 498 1670 Μυρίλλα
529 1609 698 1653 Anacr.
734 1607 821 1651 Od.
840 1606 989 1651 LXII.
1015 1607 1090 1657 14.
1125 1605 1472 1649 modo'rectius
1503 1617 1897 1665 proparoxytona
1929 1613 2059 1670 Δρό-

266 1677 420 1725 σιλλα,
453 1670 680 1717 Κύδιλλα
710 1668 865 1714 Cram.
897 1669 961 1711 Π,
995 1670 1098 1712 100.
1130 1665 1355 1711 Λύσιλλα
1387 1666 1529 1711 Arist.
1563 1669 1752 1714 Thesm.
1786 1674 1889 1716 374.
1923 1673 2058 1718 Λού-

265 1738 404 1778 κιλλα
446 1732 510 1776 Μ.
543 1732 723 1779 Αῃῐοῃ.
752 1729 886 1774 VIII.
918 1733 992 1773 25.
1038 1728 1169 1784 cujus
1216 1729 1533 1776 masculinum
1577 1737 1650 1774 est
1690 1729 1962 1783 Λούκιλλος
2011 1743 2059 1779 et

267 1792 562 1842 Λουκίλλιος
600 1807 644 1836 v.
674 1791 861 1835 Jacobs.
901 1792 955 1833 in
987 1789 1138 1834 catal.
1169 1790 1322 1832 Poett.
1351 1790 1510 1847 Epigr.
1549 1803 1595 1846 p.
1630 1794 1735 1839 912.
1781 1802 1835 1835 ut
1871 1795 2057 1854 Μέγα..

268 1860 346 1904 λος
380 1853 604 1914 Μέγιλλα
643 1859 752 1906 etc.,
789 1865 882 1910 quo
916 1850 1145 1896 accedunt
1175 1850 1365 1895 urbium
1395 1851 1594 1896 nomina
1612 1850 1844 1911 ’Ἀκριλλα
1876 1862 1925 1899 et
1955 1855 2060 1902 Κό-

268 1921 409 1974 ριλλα
437 1917 587 1968 Latii,
652 1922 793 1973 atque
837 1914 1129 1972 appellativa
1178 1909 1358 1970 ἅμιλλα
1404 1913 1463 1956 ab
1507 1910 1610 1971 ἅμα
1649 1924 1964 1973 propagatum
2005 1927 2059 1963 ut

270 1976 441 2037 ὅμιλος
473 1977 532 2022 ab
566 1974 711 2034 ὄμός,
770 1975 1027 2037 aegyptilla
1057 1988 1275 2034 gemmae
1306 1982 1485 2019 nomen
1516 1977 1844 2038 aegyptiacae,
1893 1979 2056 2039 ῥυσίλ·

396 2163 441 2209 3)
468 2159 621 2200 Suida‘e
646 2158 788 2211 glossa
811 2158 986 2212 Πέριλος
1011 2156 1062 2198 τὸ
1086 2158 1243 2199 αἰδοῖον
1276 2155 1321 2197 δι’
1353 2155 1439 2205 ἐνὸς
1461 2147 1496 2198 ἶ
1514 2160 1798 2210 quo'nitatur,
1840 2165 1948 2205 seire
1973 2166 2058 2206 vel.

272 2213 375 2258 lem3
403 2212 456 2251 ad
479 2210 622 2260 πηρίν,
646 2210 850 2262 περίνεον,
882 2211 1091 2258 pertinere
1117 2222 1200 2248 non
1228 2209 1403 2249 videtur.
1831 2225 1837 2235 ·

398 2273 439 2321 4)
466 2264 672 2324 Βαμβάλω
699 2270 805 2320 quod
821 2268 1125 2324 Valckenarius
1142 2269 1318 2310 Moscho
1337 2268 1494 2316 tribuit,
1519 2283 1600 2310 non
1620 2278 1683 2311 est
1699 2285 1901 2323 graecum.
1938 2277 2061 2326 Apud

273 2322 527 2374 Hesychium
550 2334 625 2371 pro
650 2318 864 2384 ξαμχῖάλει
888 2323 1023 2385 rebitet
1057 2320 1202 2382 Wozpsz‘,
1218 2325 1305 2384 τοῖς
1330 2320 1499 2371 χείλεσι,
1533 2329 1604 2360 aut
1625 2321 1849 2373 βαμβάλλει
1873 2326 2060 2368 scriben-

278 2375 372 2416 dum
397 2380 468 2414 aut
491 2371 712 2427 flwssahc,
738 2378 779 2412 et
803 2384 878 2423 pro
904 2371 1159 2423 αγκυλεσθαι
1182 2371 1476 2424 αγκυλλεσθαι,
1503 2384 1585 2414 non
1611 2381 1766 2415 contra.
