2554 3051
1188 157 1219 202 3

301 283 409 339 τέλη
438 281 496 327 τὰ
530 279 793 336 ἅπόξυσμα
817 280 921 323 ταῖν
941 275 1208 335 δερμάτων
1224 275 1310 322 καὶ
1328 275 1384 321 τὸ
1403 276 1562 337 ὑγρὰν
1579 277 1880 337 διαχώρημα
1905 281 1927 340 (
1938 279 2092 328 Cram.

297 345 350 389 T.
383 343 447 394 11.
481 341 616 400 303.)
664 354 693 385 a
723 345 894 385 neutro
929 336 1050 389 σκάς
1089 338 1326 398 (σκῦτος)
1359 335 1493 396 σκαίρ
1533 351 1578 383 v.
1612 339 1782 385 Parall.
1811 354 1859 399 p.
1894 345 1968 386 80.
1998 359 2094 400 μα·

296 405 405 464 ρίλη
437 419 466 448 a
494 400 662 462 μαίρω
698 401 826 446 unde
856 399 1091 459 μαραίνω
1126 399 1416 453 derivatum3
1449 400 1647 446 Photius
1681 401 1915 461 Μαρείνη
1946 402 1978 460 ἤ
2008 420 2096 462 με-

293 463 606 524 μαρασμένη,
637 460 727 521 ὕλη
775 459 860 508 καὶ
899 462 1197 522 μαριλευτής
1237 462 1267 507 ὅ
1319 460 1665 521 άνθρακευτής
1708 482 1772 498 --
1813 461 2017 523 Μαρίλη
2063 466 2093 511 0‘

293 530 446 583 χνοῦς
475 527 578 570 ‘cmiv
613 523 910 583 ἀνθράκων,
966 523 1094 582 quod
1128 523 1468 578 Schleusnerns
1506 537 1620 569 vere
1650 534 1739 582 pro
1769 524 1985 584 μαρείνη
2017 540 2092 571 re-

293 589 455 646 ponit3
487 600 599 632 nam
635 585 764 643 quod
787 585 1059 645 Ellendtius
1086 585 1139 629 in
1170 585 1284 630 Lex.
1320 584 1469 643 Soph.
1502 598 1531 630 a
1559 585 1795 644 μαραίνω
1826 594 1969 645 putat
1994 604 2095 644 μα·-

293 647 456 705 ρεινός
490 647 779 691 declinatum
809 659 914 690 esse
946 646 1259 703 adJectivum‚
1294 646 1517 705 equidem
1552 659 1722 690 vereor
1749 654 1805 690 ut
1834 648 1978 704 hujus
2009 648 2092 692 de-

226 708 232 710 *
293 707 566 754 clinationis
599 707 873 765 exemplum
905 702 1106 766 relieriri
1137 707 1312 765 possit3
1361 703 1569 766 φαεινός
1601 714 1649 750 et
1679 705 1850 758 δεινός
1877 721 2092 767 parony-

291 783 371 814 ma
403 776 529 814 sunt.
593 768 703 813 Duo
736 769 960 813 novimus
992 767 1248 813 herbarum
1279 770 1502 822 nomina,
1544 782 1693 813 unum
1725 769 1887 813 cunila
1915 768 2090 827 κονίλη

290 854 353 866 -
384 828 465 875 ὅτι
495 828 709 881 Κονίλος
741 829 869 891 (sic)
904 827 1017 889 εὗρε
1045 827 1139 887 τήν
1169 828 1400 888 βοτάνην
1424 829 1530 874 Sch.
1551 828 1653 875 Nic.
1670 829 1758 875 Th.
1777 832 1883 874 627.
1909 829 1970 875 de
1994 844 2088 889 quo

289 893 435 937 aliam
453 893 775 949 conjecturam
792 892 887 936 feci
914 893 967 936 in
987 891 1159 937 Parall.
1178 894 1284 937 406.
1312 892 1516 939 alterum
1541 888 1783 951 χονδρίλη
1816 904 1845 936 a
1869 885 2091 952 χόνδρος

290 953 498 1006 ductum,
531 953 660 1012 quod
672 966 910 1011 persaepe
933 953 1062 1012 apud
1080 953 1311 998 materiae
1330 953 1543 998 medicae
1559 954 1814 1012 scriptores
1831 953 1923 998 hoo
1941 953 2091 998 modo

286 1015 546 1068 invenitur,
580 1013 707 1072 apud
741 1013 950 1058 Plinium
981 1027 1097 1058 vero
1133 1013 1402 1058 chondrilla
1433 1021 1482 1057 et
1512 1013 1746 1072 condrille
1770 1014 1969 1060 lambda
1998 1016 2090 1060 ite·

285 1082 406 1129 rato,
440 1074 569 1133 quod
602 1076 726 1118 solet
744 1087 847 1118 esse
869 1075 1044 1118 vocalis
1066 1075 1237 1130 longae
1256 1071 1510 1128 indicinm;
1543 1073 1872 1133 Theophrasto
1891 1075 2088 1120 Schnei-

287 1136 428 1181 derus
460 1135 746 1194 χόνδρυλλα
776 1135 988 1192 restituit
1018 1148 1118 1179 non
1146 1135 1252 1178 sine
1280 1134 1494 1179 codicum
1527 1136 1758 1195 vestigiis,
1792 1134 1880 1181 sed
1907 1136 2085 1181 vellem

285 1210 510 1241 mensura
539 1196 728 1240 mediae
759 1193 1010 1255 poetarum
1043 1196 1320 1240 testimonio
1348 1192 1620 1240 confirmari
1649 1203 1816 1254 posset
1832 1197 1898 1256 ²).
1955 1197 2086 1241 Fun*

286 1257 413 1303 ditus
445 1258 663 1314 ignotum
696 1265 770 1300 est
803 1255 1006 1316 άργίλαι
1036 1255 1097 1301 τοὶ
1130 1254 1366 1317 ’ὑπόγαια
1387 1256 1634 1315 οἰκήματα
1666 1256 1811 1318 Ἐιιεῐ.
1838 1256 1909 1299 ἀεὶ
1938 1257 2085 1302 Dion.

286 1321 421 1365 1166.
452 1317 580 1362 unde
611 1317 835 1363 nonnulli
874 1317 1210 1372 Argiletum
1257 1316 1531 1361 derixfatum
1572 1322 1746 1375 putant
1791 1317 1894 1361 iota
1933 1316 2086 1372 brevi,

283 1377 478 1424 lambda
504 1377 734 1433 simplici,
795 1377 885 1420 etsi
915 1382 1102 1421 veteres
1136 1373 1196 1418 ab
1232 1374 1401 1431 argilla
1430 1380 1657 1431 repetunt
1687 1375 1821 1430 cnjus
1853 1375 1989 1433 origo
2022 1378 2082 1423 ab

284 1437 449 1500 ἀργός.
512 1435 673 1481 Dubia
701 1442 774 1479 est
794 1434 1028 1492 scriptura
1060 1432 1238 1493 οἱργίλῃ
1266 1430 1570 1491 περιπλάσας
1603 1433 1772 1479 Galen.
1807 1429 1867 1479 de
1884 1435 2082 1484 Medico.

284 1515 373 1545 sec.
406 1500 540 1544 Loco.
576 1498 614 1541 I.
648 1501 691 1549 2,
724 1498 830 1539 438.
861 1496 914 1538 Τ.
947 1494 1059 1538 ΧΠ.
1101 1507 1214 1538 nam
1248 1494 1366 1538 alibi
1413 1493 1473 1539 de
1514 1494 1684 1553 Simpl.
1715 1495 1881 1556 Temp.
1916 1498 2003 1544 IX.
2039 1502 2083 1546 1.

284 1565 387 1610 168,
408 1559 615 1621 ,ἄργιλος
645 1556 850 1613 legitur,⁴
906 1568 1194 1613 quamquam
1238 1561 1288 1599 et
1326 1555 1575 1614 proprium
1622 1554 1755 1600 urbis
1794 1555 1939 1603 Anth.
1971 1559 2080 1606 VII.

284 1625 386 1666 194.
418 1622 605 1678 virique
628 1631 808 1663 nomen
839 1617 1056 1661 fluctntas
1076 1615 1636 1686 ’Ἀργειλος,-ᾌργιλλος.
1698 1617 1860 1676 Hujus
1891 1620 2081 1678 generis

282 1682 433 1738 multa
479 1693 618 1736 affert
646 1688 878 1736 Arcadius
916 1701 963 1746 p.
998 1690 1074 1736 54.
1119 1685 1181 1731 τοὶ
1223 1686 1293 1737 εἷς
1333 1689 1479 1738 tuoe
1511 1688 1945 1747 προπαροξύνεται
1974 1693 2079 1739 Kv'.

283 1758 462 1810 ριλλος,
507 1751 780 1810 Σόφιλλος,
831 1746 1076 1807 δόριλλος·
1124 1747 1183 1793 τό
1217 1747 1275 1793 δὲ
1308 1747 1505 1800 ὄπίλλος
1537 1748 1872 1808 παροξύνεται
1901 1751 1988 1798 καὶ
2018 1756 2076 1801 τὸ

280 1812 530 1876 νεογιλλός
561 1813 665 1871 ἔχει
694 1807 933 1870 θηλυκόν.
997 1809 1327 1868 Theognostus
1357 1810 1422 1854 Π.
1456 1813 1530 1855 62.
1571 1817 1619 1854 et
1649 1811 1768 1856 haec
1796 1814 1997 1871 praebet
2029 1824 2078 1861 et

268 1877 479 1932 ’ᾉϊλλος,
529 1873 801 1931 Δαίριλλος,
838 1872 1085 1924 'Emi-209,
1135 1871 1401 1931 Μέγιλλος,
1446 1871 1706 1930 Πέριλλος,
1745 1872 2074 1932 Πράστιλλος,

287 1936 544 1997 Τήριλλος,
604 1933 889 1988 ἀνάσιλλος,
947 1931 1075 1992 quod
1110 1933 1426 1992 compositum
1460 1940 1533 1978 est
1564 1933 1850 1979 sine-dubio
1882 1944 1934 1981 ut
1965 1953 2072 1984 νεο·

280 1997 443 2060 γιλλός
469 1997 581 2045 ΕΜ.
612 1997 748 2042 Phot.
786 2008 876 2054 pro
921 2008 1014 2052 quo
1054 2008 1181 2039 nunc
1224 1994 1278 2038 in
1308 1994 1526 2050 Odyssea
1568 1994 1791 2054 νεογιλός
1836 1997 2072 2045 scribitur.

281 2060 450 2108 Cetera
479 2060 580 2105 fere
614 2058 778 2104 omnia
810 2055 1154 2113 andronymica
1185 2062 1311 2109 sunt,
1343 2057 1598 2101 notissima
1627 2054 1899 2116 Κύριλλος,
1943 2061 2070 2118 quod

281 2123 362 2180 qui
393 2127 732 2181 paroxytonon
765 2119 920 2164 fecere
953 2118 1231 2177 reprehensi
1261 2125 1373 2162 sunt
1405 2117 1562 2166 Cram.
1591 2117 1655 2162 11.
1687 2123 1793 2164 227.
1824 2120 2070 2181 Μέγιλλος

281 2191 328 2227 et
363 2181 634 2242 Σόφιλλος,
693 2195 786 2239 quo
819 2181 1016 2225 nomine
1051 2179 1299 2240 Sophoclis
1329 2186 1516 2239 patrem
1549 2187 1769 2226 vocatum
1802 2195 1907 2227 esse
1939 2197 2069 2229 acce-

402 2332 448 2379 2)
477 2329 628 2373 Suidae
653 2329 853 2374 Κοιτέλας
879 2331 921 2369 ἐκ
947 2329 1022 2367 τοῦ
1045 2329 1163 2375 κοίτη
1188 2329 1233 2367 in
1259 2326 1440 2372 κοιτίδας
1463 2328 1711 2368 mutandum.
1745 2378 1747 2380 ,

1293 2391 1322 2415 x
