2554 3051
437 538 477 598 ᾗ.
510 543 552 583 2.
583 566 585 568 -
614 515 895 586 Arcadius
927 551 972 596 p.
1009 541 1082 582 55.
1114 536 1178 582 τοὶ
1211 537 1267 583 τὸ
1291 527 1677 596 ’ἶέκτεταμὲνον
1709 538 1890 594 ἔχοντα
1920 535 2233 598 προπαροξύ-

435 626 578 654 νεται
610 610 656 653 εἷ
679 610 748 667 μή
781 611 814 666 ἢ
846 609 987 666 τρίτη
1022 610 1129 666 ἔχοι
1158 609 1215 654 τὸ
1243 599 1377 655 ἷοῦ
1393 607 1729 668 προκατάρχει
1746 607 2046 668 σύμφωνον·
2092 607 2234 668 στρό-

435 671 579 728 βιλος
600 668 735 720 εἶδος
764 668 1029 728 ὀρχήσεως,
1065 667 1327 729 στροβιλός
1346 669 1402 715 δὲ
1433 671 1465 728 ἦ
1484 669 1738 729 συστροφὴ
1768 675 1860 714 τοῦ
1884 668 2071 726 ἐχίνου,
2105 671 2236 727 ἔςβι-

436 738 537 786 λος,
583 729 772 790 ὅμιλος,
819 730 1093 788 πάμμιλος,
1149 730 1245 775 ἀλλ’
1281 730 1372 777 οὐκ
1405 731 1460 774 ἐν
1491 729 1731 791 συλλήψει
1761 729 1823 778 τοὶ
1858 729 2133 790 σύμφωνα·
2175 729 2233 775 τὸ

438 802 495 849 δὲ
523 803 784 861 Καδμῖλος
816 807 1119 861 περισπᾶται
1151 803 1270 860 ἔχον
1300 792 1442 849 ‘cd—a?
1501 803 1640 848 Patet
1678 804 1822 861 igitur
1859 802 2020 848 verbis
2054 803 2151 846 iuis
2191 801 2237 846 εἰ

437 863 502 925 μὴ
522 891 587 904 --
605 861 886 927 σύμφωνον
917 864 1137 911 additum
1179 866 1334 911 fuisse
1372 864 1671 918 cautionem,
1731 877 1788 908 ea
1826 878 1948 923 quae
1980 864 2235 923 'proximas

438 940 678 973 consonas
703 928 758 972 in
783 926 989 971 diastasi
1021 928 1259 998 lna-pant,
1300 935 1696 986 proparoxytona
1736 939 1844 973 esse
1882 933 1941 972 nt
1971 923 2234 984 πάμμιλος,

434 997 526 1041 hoc
556 998 684 1042 enim
719 998 822 1054 ἔχει
850 995 947 1055 μὲν
978 995 1038 1042 τό
1071 1015 1102 1042 α
1135 997 1569 1056 προκατάρχοντος
1601 996 1897 1056 συμφώνου,
1929 995 2024 1042 ἀλλ’
2060 995 2150 1042 οὐκ
2181 997 2236 1041 ἐν

437 1057 680 1117 συλλήψει
709 1058 772 1101 τοὶ
812 1056 1080 1116 σύμφωνα.
1142 1056 1410 1115 Ποίμμιλος
1440 1059 1569 1115 quod
1600 1066 1648 1101 et
1680 1058 1837 1103 Cram.
1869 1059 1935 1103 ΙΙ.
1968 1061 2076 1106 291.
2100 1059 2236 1102 affer-

436 1127 514 1162 tur
536 1120 607 1176 ²),
665 1120 771 1165 sine
803 1118 952 1176 dubio
986 1126 1060 1164 est
1086 1130 1267 1163 nomen
1295 1119 1386 1163 viri
1428 1131 1456 1162 a
1483 1118 1762 1175 Thucydide
1792 1120 2048 1164 memorati
2074 1118 2155 1163 VI.
2190 1121 2235 1162 4.

437 1192 550 1224 nam
581 1177 713 1239 quod
743 1178 822 1224 hie
850 1178 965 1236 libri
1005 1180 1193 1237 aliquot
1222 1177 1481 1237 Πάμιλλος
1523 1178 1756 1241 praebent
1794 1193 1955 1240 nuper·
1977 1184 2236 1237 receptum,

435 1242 488 1284 in
520 1241 610 1283 hac
641 1252 782 1282 causa
814 1239 992 1283 nullius
1027 1241 1261 1284 momenti
1295 1247 1379 1284 est.
1443 1240 1678 1285 Mendoso
1712 1239 1907 1298 ἔσβιλος
1937 1237 2236 1284 simillimum

436 1301 623 1358 reperio
659 1299 863 1351 σέσιλος.
926 1301 1004 1345 De
1034 1309 1252 1357 oxytono
1302 1301 1433 1358 quod
1463 1301 1604 1354 dicit,
1666 1303 1908 1358 pertinere
1945 1301 2136 1345 videtur
2175 1301 2237 1345 ad

438 1362 726 1416 adjectivum
761 1377 856 1420 quo
878 1362 1157 1407 Jonutitur
1178 1362 1239 1406 de
1260 1363 1429 1409 echino
1463 1358 1516 1409 ὅς
1544 1387 1610 1412 -,-
1637 1360 1901 1419 στρόβιλος
1934 1360 2066 1419 ἄμφ’,
2089 1361 2239 1406 ἄκαν-

437 1424 541 1467 θαν
576 1420 756 1470 εἰλίξας
799 1418 952 1476 δέμας
984 1423 1147 1463 κεῖται
1193 1445 1256 1458 -ι
1302 1420 1413 1462 Ath-
1446 1420 1538 1464 ΠΙ.
1570 1423 1644 1464 91.
1677 1422 1737 1464 D.
1777 1421 2038 1479 Καδμῒλος
2068 1424 2238 1467 Eusta-

438 1484 566 1527 thius
597 1485 715 1535 48⁷,
749 1483 821 1524 38.
859 1494 888 1524 a
918 1477 1130 1538 ,Κάδμος
1159 1479 1442 1537 productum
1476 1479 1561 1524 sed
1592 1479 1747 1527 Schol.
1779 1481 1891 1538 Lyc.
1925 1485 2031 1526 219.
2059 1484 2149 1528 hoc
2178 1497 2239 1529 ex

436 1545 523 1588 iilo
557 1549 853 1588 contractum
887 1555 990 1586 esse
1022 1543 1209 1595 statuit3
1239 1542 1525 1600 Lycophron
1555 1542 2061 1599 utroqueMercurium
2094 1546 2239 1602 signi-

436 1607 560 1649 ficat.
624 1605 799 1649 Festus
831 1616 1069 1649 cumeram
1104 1604 1250 1648 etiam
1282 1605 1523 1649 camillum
1558 1603 1650 1646 dici
1681 1602 1829 1649 refert
1869 1618 1931 1647 eo
1967 1605 2123 1662 quod
2156 1619 2238 1651 sa-

439 1680 672 1710 crorum
700 1665 1044 1709 ministrum
1076 1664 1324 1722 κοῖσμιλον
1354 1664 1781 1723 appellabant‚›
1803 1665 1941 1722 eique
1960 1667 2118 1710 simile
2150 1681 2237 1710 no-

437 1741 551 1770 men
597 1725 833 1770 excidisse
868 1724 1062 1771 videtur
1105 1727 1159 1768 in
1188 1726 1309 1770 Pon.
1339 1725 1399 1771 X.
1435 1727 1542 1769 110*
1572 1724 1654 1767 ubi
1702 1725 1753 1768 in
1785 1726 1914 1770 vasis
1947 1728 2235 1784 coquinariis

437 1801 536 1832 non
569 1794 836 1832 memorata
869 1793 995 1831 esset
1034 1786 1065 1842 ἡ
1107 1785 1239 1842 παρὰ
1276 1784 1529 1841 Ρωμαιόις
1568 1784 1782 1841 καμέλλα
1814 1787 1939 1845 (sic)
1978 1789 2071 1832 nisi
2103 1803 2236 1845 grae..

439 1851 653 1893 canicum
683 1855 916 1906 putasset.
977 1845 1118 1900 Quod
1149 1845 1321 1890 Suidas
1355 1845 1555 1890 adnotat
1586 1844 1821 1903 Κάμηλος
1854 1871 1911 1881 -
1941 1845 2146 1906 κάμιλος
2178 1847 2236 1895 δὲ

435 1912 492 1955 τὸ
528 1907 662 1966 παχύ
698 1906 944 1965 σχοινίον,
973 1908 1026 1951 id
1059 1908 1099 1951 si
1133 1907 1337 1963 longunr
1357 1907 1502 1949 habet
1531 1908 1645 1959 iota,
1679 1915 1912 1965 repugnat
1941 1911 2133 1965 regulae
2163 1912 2236 1954 ilii

437 1973 498 2016 de
531 1977 727 2016 accentu
771 1970 1022 2013 nominum
1058 1982 1180 2026 quae
1224 1967 1277 2024 in
1309 1967 1544 2025 principio
1585 1967 1728 2025 alpha
1767 1968 1949 2014 habent
1996 1983 2234 2016 consonae

437 2033 763 2090 subjunctum3
806 2037 1015 2075 ceterum
1058 2037 1255 2086 etymon
1286 2030 1548 2086 ignoratur.
1611 2028 1837 2087 Apertior
1883 2043 1999 2073 vero
2040 2032 2234 2077 femini·-

435 2109 610 2141 norum
648 2095 803 2150 origo,
844 2106 1045 2155 quorum
1079 2093 1172 2134 tria
1205 2092 1342 2135 affert
1371 2090 1602 2135 Arcadius
1635 2091 1872 2148 παστίλη,
1899 2090 2107 2151 μαρίλη,
2138 2111 2235 2153 μυ-

438 2154 599 2212 στίλη,
659 2153 924 2211 eademque
955 2152 1288 2210 Theognostus
1319 2167 1365 2213 p.
1399 2153 1507 2205 111.
1549 2151 1634 2197 sed
1663 2152 1875 2212 primum
1903 2155 2233 2205 rectiusona-

566 2310 605 2358 1)
632 2309 715 2349 Hic
740 2310 785 2349 in
813 2322 983 2350 numero
1012 2309 1097 2348 τῶν
1117 2305 1200 2362 πρὸ
1226 2308 1368 2355 τέλους
1397 2306 1471 2349 τὸν
1496 2306 1627 2354 τόνου-
1642 2306 1822 2360 ἑχόντων
1852 2310 2036 2349 refertur
2055 2307 2233 2362 ἀνθόμι·

434 2360 523 2406 λος,
550 2360 656 2411 quod
684 2362 790 2410 (nisi
820 2362 911 2412 quis
933 2359 1080 2400 melius
1099 2359 1321 2408 consulat)
1347 2360 1392 2399 in
1407 2359 1610 2406 Βανδίλος
1633 2361 1841 2402 verterim.
1890 2360 1939 2401 Id
1964 2361 2073 2401 enim
2090 2361 2234 2402 eodem

435 2412 480 2452 in
508 2424 675 2452 numero
701 2414 867 2462 reponit
891 2411 1188 2464 Theognostus
1213 2427 1252 2462 p.
1280 2414 1346 2452 62.
