2554 3051
1372 181 1404 222 6

488 309 571 352 λας
613 303 700 350 τοῖς
740 298 948 359 ῥυτίδας
979 298 1096 344 Hes.
1143 311 1173 343 a
1204 298 1367 342 futuro
1402 263 1600 341 finctum
1639 306 1694 342 ut
1725 299 1950 354 Δέξιλλα,
2011 301 2283 359 Πράξιλλα,

496 361 775 414 Τελέσιλλα,
808 368 1050 419 postremo
1086 359 1264 403 ὄίσιλλα
1292 367 1341 402 et
1373 358 1584 416 α’ίμιλλα,
1626 372 1826 416 quorum
1861 369 1991 405 ortus
2025 361 2283 417 obscurior,

489 433 536 469 et
566 424 780 482 pisciculi
813 436 993 467 nomen
1026 420 1251 480 ἕρπιλλα,
1288 435 1559 480 quanquam
1591 420 1644 464 in
1672 420 1762 465 hoc
1794 422 1907 467 libri
1936 417 2140 473 variant.
2196 424 2286 469 Pa-

485 499 661 542 ragoga
700 486 915 528 neutrius
946 485 1134 541 generis
1167 497 1267 527 non
1297 485 1486 541 reperio
1523 490 1716 542 praeter
1756 481 1962 530 πέδιλον
2001 485 2130 544 quod
2161 484 2285 529 Aeo·

488 548 556 590 les
590 546 818 591 dixerunt
849 544 1097 590 πέδιλλον.
1160 545 1339 589 Verum
1372 557 1435 588 ne
1465 557 1621 589 sermo
1661 545 1714 588 in
1746 543 1915 588 eodem
1956 547 2063 591 loco
2105 546 2284 591 diutius

487 620 629 666 quam
664 609 781 652 satis
816 615 890 652 est
919 607 1136 660 haereat,
1200 620 1327 650 nunc
1366 606 1430 652 ad
1468 606 1706 652 vocalium
1756 606 1973 665 quintam
2013 607 2284 666 procedam,

486 670 635 715 dilata
668 669 730 714 ob
764 677 941 715 certam
975 682 1165 715 causam
1198 675 1382 726 quarta.

1267 876 1334 930 C.
1396 872 1509 931 lv,

960 969 1043 1007 De
1096 969 1574 1008 terminatione
1614 957 1708 1007 ὐ-λ,
1763 978 1804 1006 ω

610 1051 811 1109 Propter
850 1062 1075 1106 magnam
1115 1056 1334 1093 accentus
1372 1049 1744 1092 inconstantiam
1793 1050 2075 1107 praesertim
2116 1052 2168 1094 in
2201 1051 2285 1096 tri-

485 1112 711 1169 syllabis,
774 1111 930 1168 primo
957 1112 1062 1154 loco
1095 1124 1274 1168 ponam
1308 1109 1501 1155 Arcadii
1531 1117 1787 1168 praecepta
1820 1124 1880 1154 ex
1911 1111 2201 1156 inordinatis
2231 1115 2285 1156 in

485 1173 700 1218 ordinem
732 1171 942 1216 reducta.
1007 1171 1240 1229 Pleraque
1272 1171 1418 1229 igitur
1447 1177 1752 1229 paroxytona
1785 1179 1918 1227 sunt;
1960 1174 2166 1231 primum
2201 1173 2285 1218 ad-

475 1236 655 1291 jectiva
687 1247 889 1291 quorum
922 1233 1080 1290 prima
1111 1233 1256 1289 longa
1290 1230 1522 1289 αἱμύλος,
1582 1231 1793 1292 ἄγκύλος
1825 1241 1911 1276 etc.
1955 1242 2153 1292 excepto
2187 1249 2283 1278 uno

484 1295 706 1347 αἷουλος,
752 1293 881 1351 quod
912 1294 1134 1336 nonnulli
1168 1305 1232 1336 ex
1267 1292 1478 1349 ἀήσυλος
1511 1301 1804 1336 contractum
1837 1294 2029 1347 volunt,
2076 1295 2283 1340 secundo

481 1356 775 1412 appellativa
809 1361 857 1393 et
886 1356 1098 1407 propria,
1127 1366 1249 1406 quae
1282 1366 1386 1392 eam
1421 1354 1657 1404 syllabam
1693 1361 1864 1394 natura
1884 1355 2076 1409 longam
2105 1356 2286 1400 habent

478 1412 737 1474 κρωβύλος
764 1411 834 1470 ⁵),
869 1410 1128 1467 Ρωμύλος,
1162 1409 1372 1466 exceptis
1403 1411 1567 1466 paucis
1589 1411 1634 1468 ο)
1666 1395 1809 1454 te⁶rtio
1840 1411 1961 1456 illud
1993 1428 2141 1470 genus
2173 1431 2283 1474 pro-

480 1478 694 1535 priorum
730 1475 804 1516 cui
835 1472 992 1529 prima
1024 1471 1265 1528 positione
1301 1471 1444 1526 longa
1472 1470 1738 1528 Δερκύλος,
1803 1472 2075 1529 Βακχύλος,
2111 1485 2282 1534 quarto

482 1537 712 1582 tribrevia
756 1547 876 1590 quae
909 1546 1065 1589 neque
1099 1544 1128 1573 a
1160 1530 1435 1574 nominibus
1475 1531 1752 1588 isosyllabis
1784 1531 2001 1579 derivata
2026 1544 2139 1580 sunt
2169 1546 2223 1581 ut
2253 1553 2283 1584 a

484 1596 709 1656 σταφυλή
745 1592 1011 1652 Στάφυλος
1052 1607 1208 1650 neque
1240 1592 1292 1635 in
1325 1592 1560 1650 principio
1593 1595 1697 1637 iota'
1726 1593 1906 1639 habent
1935 1605 1989 1640 ut
2017 1597 2212 1649 τίτυλος
2230 1605 2279 1658 ¹7)

472 1661 651 1707 Ἰτυλος
690 1656 746 1700 τό
788 1656 977 1711 κύριον.
1041 1654 1200 1709 Hujus
1230 1660 1387 1696 autem
1422 1654 1579 1709 quarti
1612 1654 1795 1698 ordinis
1827 1657 1960 1699 nulla
1991 1658 2087 1701 fert
2119 1673 2281 1704 exem-

478 1722 560 1778 pla
587 1719 684 1762 nisi
712 1719 908 1774 propria
943 1713 1197 1772 Χρεμύλος
1229 1711 1313 1757 καὶ
1344 1714 1598 1771 Κρατύλος
1631 1729 1716 1758 seu
1746 1729 1859 1759 casu
1890 1730 1974 1759 seu
2007 1718 2120 1775 quia
2147 1722 2281 1764 nulla

481 1787 649 1824 extant
679 1779 773 1820 nisi
811 1784 1024 1832 oxytona
1047 1776 1108 1832 ⁸).
1175 1775 1572 1833 Proparoxytona
1607 1783 1732 1829 sunt,
1763 1790 1962 1833 quorum
1998 1782 2279 1838 antepenul-

603 1906 645 1951 5)
673 1901 766 1941 Hoc
793 1914 847 1940 ex
875 1899 1010 1942 Cram.
1034 1900 1068 1942 1.
1094 1902 1159 1941 51.
1188 1900 1355 1949 reposui
1387 1912 1460 1950 pro
1488 1896 1695 1954 κρόκυλος,
1739 1913 1915 1953 sequens
1941 1900 2112 1956 ἅκρυλος
2136 1913 2276 1944 aucto·

479 1958 602 1996 ritate
631 1954 786 1993 codicis
815 1952 937 1991 omisi
964 1964 988 1990 a
1014 1965 1060 1990 re
1085 1953 1297 2001 proposita
1323 1949 1517 1990 alienum.

604 2006 644 2053 6)
676 2003 945 2053 σεσημείωται
988 1999 1036 2041 τὸ
1080 2000 1244 2046 αἴτυλος
1286 2002 1354 2040 καὶ
1398 2000 1565 2051 ὅγκυλος
1619 2001 1744 2043 scrib.
1794 2001 1964 2047 Οἴτυλος
2005 2004 2074 2042 καὶ
2105 2001 2276 2055 Ὤγυλος

477 2054 670 2105 (steph.)
699 2067 793 2114 nam
821 2052 981 2092 Osanni
1010 2054 1287 2092 correctiones
1316 2052 1366 2090 ad
1392 2052 1567 2092 Philem.
1594 2065 1635 2100 p.
1662 2054 1725 2090 55.
1756 2048 1908 2098 ’Ἰτυλος
1933 2053 2002 2092 καὶ
2019 2051 2183 2102 Ὄξυλος
2206 2069 2275 2095 res

476 2120 569 2157 lpsa
593 2112 767 2200 Γξῗρῑιῖιίιὲ·
783 2160 824 2189 et
850 2164 913 2200 ap.
940 2151 1133 2201 Theogn.
1159 2149 1215 2188 Π.
1241 2154 1306 2189 61.
1333 2151 1502 2195 πίτυλος
1528 2149 1853 2190 substituendum
1887 2150 1953 2191 vel
1986 2155 2124 2204 potius
2157 2158 2274 2206 μίτυ-

478 2207 562 2252 λος·
588 2204 777 2249 Πίπυλος
802 2201 965 2250 alauda,
994 2201 1100 2251 quod
1128 2200 1197 2240 Du
1221 2199 1405 2252 Cangius
1434 2214 1487 2241 ex
1515 2199 1652 2241 Schol.
1679 2200 1768 2242 MS.
1797 2201 1975 2243 Theocr.
2001 2203 2061 2245 X.
2087 2206 2151 2245 50.
2177 2218 2273 2256 pro·

479 2258 580 2302 fert,
605 2256 814 2295 recentius
839 2253 1018 2293 videtur·

609 2308 652 2354 8)
681 2305 800 2350 Quod
825 2304 869 2342 in
907 2301 992 2342 fine
1018 2301 1170 2353 legitur
1196 2302 1264 2342 καὶ
1291 2299 1340 2343 τὸ
1364 2299 1557 2353 ’Ἀγκυλος
1581 2300 1718 2357 κύριον
1744 2301 2112 2394 προπαΞοξύνεται,
2138 2314 2273 2346 muta-

479 2368 566 2396 rem
599 2358 644 2395 in
669 2353 838 2405 ’Ἁγυλος
862 2351 1082 2394 Iamblich.
1109 2351 1161 2395 V.
1191 2369 1230 2404 p.
1256 2357 1327 2404 36,
1353 2356 1443 2396 267.
1472 2356 1618 2402 (523.)
1663 2353 1714 2394 ab
1757 2353 1841 2404 ἄγω
1911 2356 2109 2400 erivatum
2152 2358 2270 2404 (nam
