2554 3051
1165 207 1223 251 7,

288 332 406 374 tima
436 330 677 386 positione
708 325 984 382 producitur
1013 326 1270 378 κόνδυλος,
1304 325 1585 385 σφόνδυλος
1615 352 1676 362 -
1706 327 1762 372 τὰ
1797 327 1853 373 δὲ
1874 332 2074 380 Ἀξυλος

287 387 371 436 καὶ
389 389 588 443 Ὄξυλος
618 384 813 438 τούτοις
842 386 1169 447 ἠκολούθησε,
1204 387 1336 444 cnjus
1353 389 1425 432 rei
1455 390 1692 433 rationem
1727 389 1889 433 subdit
1906 389 2074 436 Gram-

287 455 487 497 maticus
518 452 572 495 in
602 451 759 509 Epim.
792 449 948 495 Cram.
971 450 1010 494 1.
1045 454 1118 495 51.
1151 451 1206 495 ἓν
1240 449 1541 510 ἀμφοτέροις
1571 449 1627 495 τὸ
1663 454 1688 501 ξ
1721 450 1781 496 ὄν
1814 451 1905 497 οὐκ
1938 451 2073 497 α’ντι-

283 514 453 560 πίπτει
474 517 494 542 ⁹
525 516 554 560 0v

411 573 452 635 §.
486 511 528 617 2).
590 571 766 617 Verum
799 585 900 616 non
931 572 1091 616 minor
1123 586 1263 630 quam
1291 581 1510 617 accentus
1541 581 1613 617 est
1645 573 1961 617 derivationis
1993 587 2074 617 va·

281 638 444 690 rictas,
471 649 570 680 non
602 635 759 680 solum
789 633 1038 679 nominum
1072 634 1156 679 sed
1186 635 1331 680 etiam
1364 635 1619 680 verborum
1650 635 1872 680 similiter
1903 634 2074 680 caden-

282 699 428 752 tium,
493 711 616 757 quae
645 702 812 740 mutuo
858 697 986 740 inter
1023 709 1075 740 se
1121 705 1295 741 nentur
1326 697 1554 742 discursu.
1618 697 1835 755 Namque
1869 696 2074 756 αἱμύλος

282 761 471 817 aliaque
503 758 741 813 adjectiva
768 757 984 802 derivata
1013 766 1125 802 sunt
1157 772 1184 801 a
1216 759 1373 802 verbis
1409 757 1642 816 αἱμύλλω,
1676 757 1914 818 α’γκύλλω,
1957 775 2076 818 γογ-

282 817 456 880 γύλλω,
492 817 727 872 εἰδύλλω,.
748 817 1031 877 καμπύλλω,
1064 817 1300 897 dyacona»,
1335 819 1662 880 στρογγύλλω,
1697 818 1913 872 όθύλλω,
1945 819 2075 862 unde

281 880 519 926 «ἷθύλλετο
554 879 801 925 διενοεῖτο
835 881 952 925 Hes.
985 881 1044 925 ab
1086 880 1281 938 όθομαι
1319 881 1510 924 ductum
1545 884 1649 925 sine
1678 882 1778 925 ulla
1808 882 2075 924 mutatione

280 943 507 988 thematis
539 944 660 987 sicut
692 939 899 987 εἰδόλλω
935 942 993 987 ab
1028 941 1150 987 εἴδω
1184 943 1260 987 vel
1295 940 1454 997 εἶδος,
1498 940 1714 1004 όγκύλλω
1750 942 1810 987 ab
1844 941 2011 1002 ὄγκος,
2046 955 2074 985 a

282 1004 411 1060 δέρω
446 1003 896 1062 δέρμαδερμύλλω
930 1004 1113 1061 ἐκδέρω
1149 1004 1279 1047 Suid.
1313 1019 1342 1047 a
1376 1003 1535 1048 σαίνω
1578 1019 1680 1047 cum
1725 1005 1972 1061 epenthesi
2005 1003 2075 1045 la-

281 1062 683 1109 bialis‘oanv'stzw
718 1064 911 1117 adulor,
960 1066 1150 1121 aliaque
1182 1064 1381 1120 ambage
1415 1080 1443 1108 a
1472 1063 1573 1122 μίω
1608 1066 1772 1107 minuo
1804 1062 2072 1121 μιστύλλω,

280 1140 368 1169 nec
400 1125 542 1169 dubie
575 1123 750 1169 όκύλαι
781 1124 991 1169 ὀκλάσαι
1013 1125 1081 1186 ¹⁰)
1119 1132 1166 1167 et
1199 1123 1476 1184 ώγύλλοντο
1511 1123 1821 1180 ἐκάμπτοντο
1852 1124 1968 1169 Hes.
2001 1139 2074 1168 re·

279 1186 531 1231 ferendum
565 1193 638 1230 est
669 1186 731 1230 ad
772 1184 868 1246 οἶγή
914 1186 1041 1244 quod
1075 1185 1228 1230 Schol.
1257 1185 1387 1229 Arat.
1421 1189 1523 1229 668.
1567 1187 1910 1244 interpretatur
1950 1201 2073 1243 καμ-

280 1247 349 1305 πή
365 1252 460 1306 Π),
490 1248 629 1291 unde
662 1248 862 1305 canthus
892 1255 1026 1292 rotae
1060 1247 1259 1306 ai'yavov
1292 1255 1341 1289 et
1372 1246 1712 1307 περιαίγαυον,
1754 1248 1885 1303 cujus
1918 1246 2073 1291 mani-

279 1309 405 1354 festa
438 1322 471 1353 a.
499 1306 731 1366 περιηγής
764 1308 1190 1353 circumflexus
1232 1307 1491 1361 derivatio,
1554 1309 1754 1366 parique
1782 1309 1993 1351 flexurae
2027 1317 2075 1350 et

279 1370 516 1413 fracturae
558 1367 842 1410 confusione
871 1369 1034 1408 Latini
1056 1397 1059 1400 -
1084 1368 1395 1408 anfractus
1441 1369 1604 1411 dicunt
1643 1380 1731 1423 pro
1774 1369 1994 1411 circuitus
2027 1377 2076 1410 et

279 1431 556 1484 frangere
595 1428 876 1483 capillum
915 1439 1004 1483 pro
1037 1425 1224 1468 flectere
1263 1438 1308 1469 v.
1342 1424 1586 1482 Spalding.
1627 1424 1689 1470 ad
1721 1424 1920 1479 Quintil.
1954 1428 1994 1477 Ι.
2029 1431 2073 1480 6,

277 1634 450 1688 ‘Hymos
474 1641 763 1685 paroxytonon
791 1634 879 1680 est)
914 1634 952 1670 si
979 1642 1176 1671 canonem
1203 1633 1408 1685 integrum
1435 1641 1633 1683 putarem.
1683 1632 1792 1675 Sunt
1818 1649 1916 1675 vero
1943 1638 2071 1676 multo

278 1687 397 1737 plura
414 1692 771 1735 proparoxytona:
802 1682 939 1727 ἕκυλος
964 1681 1119 1721 herbae
1145 1695 1312 1729 nomen,
1337 1683 1551 1734 corylus
1576 1680 1662 1722 dno
1692 1686 1768 1724 τοῦ
1792 1686 1960 1738 κόρυλος
1984 1688 2072 1725 Pri-

279 1737 409 1774 scian.
435 1735 470 1772 1.
499 1738 549 1781 8,
581 1736 646 1773 45.
679 1735 745 1782 (p.
773 1734 860 1773 561.
895 1732 1061 1771 Putsch.
1097 1732 1237 1779 omiss,
1270 1734 1314 1771 in
1351 1732 1504 1781 Thes.)
1547 1731 1699 1784 ἄμυλος
1739 1736 1847 1784 quod
1881 1737 2072 1774 nonnulli

278 1785 546 1834 compositum
564 1791 722 1832 putant,
753 1779 922 1826 κότυλος
946 1794 1200 1833 paronymon
1227 1783 1300 1829 τῆς
1323 1779 1512 1830 κοτύλης,
1538 1785 1796 1833 omniumque
1815 1787 2072 1824 notissimum

278 1833 423 1880 ἅκυλος
453 1835 568 1883 cujus
596 1834 748 1871 mentio
783 1834 918 1870 omitti
945 1845 1026 1871 non
1053 1831 1208 1873 debuit.
1259 1834 1321 1872 Ac
1345 1833 1425 1872 fuit
1447 1835 1627 1873 fortasse
1653 1836 1861 1884 proprium
1892 1836 2071 1886 appella-

277 1888 362 1926 tivo
390 1898 464 1935 per
491 1885 627 1923 omnia
652 1882 788 1921 simile
806 1879 992 1928 ’Ἀκυλος,
1019 1883 1069 1921 de
1096 1896 1174 1934 quo
1200 1882 1273 1922 ille
1301 1883 1523 1924 admonuit.

404 1939 449 1983 9)
475 1935 522 1974 In
551 1934 630 1973 hoc
656 1935 937 1983 epimerismo,
982 1935 1100 1985 cujus
1135 1942 1255 1984 caput
1281 1942 1396 1974 extat
1436 1936 1480 1973 in
1507 1935 1601 1976 ΕΜ.
1628 1937 1804 1977 et'Gud.
1842 1945 2069 1988 quatuor

276 1987 541 2025 nominantur
586 1997 764 2023 canones
808 1985 880 2022 sed
923 1984 1068 2030 ordine
1111 1983 1347 2033 perturbato
1393 1986 1612 2035 multisque
1656 1990 1835 2026 omissis.
1886 1988 1951 2026 Ex
1983 1988 2070 2025 illis

280 2034 386 2076 οὕτω
417 2033 467 2075 τὸ
486 2032 650 2083 Ὄξυλος
673 2037 741 2073 καὶ
759 2031 924 2081 Ἄξυλος
950 2034 1147 2084 conjicias
1174 2035 1339 2073 tertium
1365 2035 1497 2074 fuisse
1523 2036 1645 2088 hujus
1673 2037 1848 2082 moduli,
1885 2038 1955 2075 sed
1984 2050 2069 2076 non

240 2115 246 2123 .
281 2088 474 2126 convenit
502 2087 608 2136 quod
636 2085 842 2124 antecedit
866 2081 976 2138 παρὰ
1002 2081 1050 2124 τὸ
1077 2081 1221 2138 δράναι
1255 2082 1455 2138 δραμύλος
1487 2089 1672 2126 ἐναντίον
1714 2093 1802 2133 τοῖς
1833 2085 1915 2127 ἀπὸ
1949 2087 2069 2127 θέσει

279 2133 699 2235 μακρ”ιοῗρέἶμέ”ἕξε
720 2135 1108 2224 ²2²<0‘2'2212‘2ffffisszfi3
1129 2132 1483 2232 παὲἔθῖἢὸσέρᾶξω
1507 2135 1717 2226 49άξὲιλος·
1741 2188 1779 2227 ·‹1
1922 2195 1938 2225 t
2044 2189 2069 2226 a

280 2232 453 2324 ὀκλαὸἑὸν
461 2199 827 2325 b⁴7³2'1731'922wl33>oll‘on.
853 2198 1046 2276 IIIJW1P22.
1061 2197 1147 2274 ραῑιις
1155 2232 1307 2275 ὀκύλλω
1342 2198 1706 2284 ὀῖλύῖαῗσῗκλυδὲῗ.
1728 2198 2069 2278 ἐιιιῗηηῗέῐεὲὶῗὲεἰ

279 2296 321 2327 et
347 2299 393 2326 ec
412 2298 476 2324 asi
501 2299 525 2325 κ
550 2298 629 2325 mxv
655 2300 696 2324 α.
1146 2314 1160 2320 ,

404 2335 470 2386 11)
499 2336 635 2384 Gloss.
676 2335 914 2388 suffrago
958 2331 1113 2386 καμπή,
1157 2343 1203 2374 ut
1238 2348 1313 2376 nos
1349 2337 1521 2378 dicimus
1561 2337 1684 2391 Bng,
1729 2337 2068 2390 Hinterburg.

278 2387 390 2428 Hinc
416 2388 538 2427 etiam
564 2387 860 2436 suffra-gari
886 2393 927 2424 et
952 2386 1232 2437 refragari.
